<?xml version="1.0" encoding="UTF-8"?><collection xmlns="http://www.loc.gov/MARC21/slim"><record><leader>00597nam--2200169-i-4500</leader><controlfield tag="001">000018622</controlfield><controlfield tag="002">20161230</controlfield><controlfield tag="005">20161230201032</controlfield><controlfield tag="008">060222s1000------------r-----000-0-eng-d</controlfield><datafield ind1=" " ind2=" " tag="040"><subfield code="a">IFIN-HH</subfield></datafield><datafield ind1=" " ind2=" " tag="080"><subfield code="a">539.1.07:539.1.08</subfield></datafield><datafield ind1="1" ind2=" " tag="100"><subfield code="a">Werbrouck, A</subfield></datafield><datafield ind1="1" ind2="0" tag="245"><subfield code="a">Rapid on-line spatial reconstruction for bubble chmbers</subfield><subfield code="b">Ecole internationale de la physique des particules elementaires herceg-novi</subfield><subfield code="c">A. werbrouck</subfield></datafield><datafield ind1=" " ind2=" " tag="260"><subfield code="a">Hergeg-novi</subfield><subfield code="b">Ecole Internationale De La Physique Des Particules Elementaires</subfield><subfield code="c">1969</subfield></datafield><datafield ind1=" " ind2=" " tag="300"><subfield code="a">16P</subfield></datafield><datafield ind1=" " ind2=" " tag="852"><subfield code="a">31997</subfield><subfield code="c">539.1.07:539.1.08</subfield></datafield><datafield ind1=" " ind2=" " tag="CAT"><subfield code="a">Sys</subfield><subfield code="c">20111024</subfield><subfield code="h">090311</subfield></datafield></record></collection>